@article{RN11463,
   author = {Li, Yadong and Gu, Peihua},
   title = {{Free-Form Surface Inspection Techniques State of the Art Review}},
   journal = {Computer-Aided Design},
   volume = {36},
   number = {13},
   pages = {1395-1417},
   ISSN = {00104485},
   DOI = {10.1016/j.cad.2004.02.009},
   year = {2004},
   type = {Journal Article}
}

@article{RN11460,
   author = {Obeidat, Suleiman M. and Raman, Shivakumar},
   title = {{An Intelligent Sampling Method for Inspecting Free-Form Surfaces}},
   journal = {The International Journal of Advanced Manufacturing Technology},
   volume = {40},
   number = {11-12},
   pages = {1125-1136},
   ISSN = {0268-3768
1433-3015},
   DOI = {10.1007/s00170-008-1427-3},
   year = {2008},
   type = {Journal Article}
}

@article{sj2021,
   author = {Selden Jr., Robert Z. and Jones, Bradford M.},
   title = {{Reverse Engineering a Bronze Cannon from the \textit{La Belle} Shipwreck}},
   journal = {Historical Archaeology},
   volume = {(in press)},
   DOI = {https://doi.org/10.1007/s41636-020-00280-2},
   year = {2021},
   type = {Journal Article}
}

@article{RN11505,
   author = {Means, Bernard K.},
   title = {{A Digital Passport to the Past: The ‘Accidental’ Public Archaeology of the Virtual Curation Laboratory}},
   journal = {Public Archaeology},
   pages = {1-9},
   ISSN = {1465-5187
1753-5530},
   DOI = {10.1080/14655187.2016.1258916},
   year = {2017},
   type = {Journal Article}
}

@article{RN11465,
   author = {Poniatowska, Malgorzata},
   title = {{Deviation Model based Method of Planning Accuracy Inspection of Free-Form Surfaces using CMMs}},
   journal = {Measurement},
   volume = {45},
   number = {5},
   pages = {927-937},
   ISSN = {02632241},
   DOI = {10.1016/j.measurement.2012.01.051},
   year = {2012},
   type = {Journal Article}
}

@article{RN11508,
   author = {Means, Bernard K.},
   title = {{Promoting a More Interactive Public Archaeology: Archaeological Visualization and Reflexivity through Virtual Artifact Curation}},
   journal = {Advances in Archaeological Practice},
   volume = {3},
   number = {3},
   pages = {235-248},
   ISSN = {2326-3768},
   DOI = {10.7183/2326-3768.3.3.235},
   year = {2015},
   type = {Journal Article}
}

@article{RN11471,
   author = {Wong, F. S. Y. and Chuah, K. B. and Venuvinod, P. K.},
   title = {{Automated Inspection Process Planning: Algorithmic Inspection Feature Recognition, and Inspection Case Representation for CBR}},
   journal = {Robotics and Computer-Integrated Manufacturing},
   volume = {22},
   number = {1},
   pages = {56-68},
   ISSN = {07365845},
   DOI = {10.1016/j.rcim.2005.02.005},
   year = {2006},
   type = {Journal Article}
}

@article{RN11455,
   author = {Yogi, Muldani Hendrawan and Yatna, Yuwana M. and Raharno, Sri},
   title = {{Development of Computer Aided Inspection Planning (CAIP) Application in on Machine Measurement Operation (OMM) Operations for Box Primitive Features: Generating Inspection Codes}},
   journal = {Applied Mechanics and Materials},
   volume = {660},
   pages = {889-893},
   ISSN = {1662-7482},
   DOI = {10.4028/www.scientific.net/AMM.660.889},
   year = {2014},
   type = {Journal Article}
}

@article{RN11472,
   author = {Selden Jr., Robert Z. and Jones, Bradford M.},
   title = {{Reverse Engineering a Bronze Cannon from the La Belle Shipwreck: An Exploratory Analysis}},
   journal = {Digital Applications in Archaeology and Cultural Heritage},
   volume = {(in review)},
   year = {2017},
   type = {Journal Article}
}

@article{RN11473,
   author = {Selden Jr., Robert Z.},
   title = {{Asymmetry of Caddo ceramics from the Washington Square Mound site: An exploratory analysis}},
   journal = {Digital Applications in Archaeology and Cultural Heritage},
   ISSN = {22120548},
   DOI = {10.1016/j.daach.2017.04.003},
   year = {2017},
   type = {Journal Article}
}

@article{RN11494,
   author = {Selden Jr., Robert Z.},
   title = {{Washington Square Mound Data}},
   journal = {Zenodo},
   url = {https://zenodo.org/communities/wsm-41na49/?page=1&size=20},
   year = {2017},
   type = {Journal Article}
}

@article{RN5623,
   author = {Selden Jr, R. Z. and Williams, T. J. and Velchoff, N. and Collins, M. B.},
   title = {{3D Scan Data for Selected Clovis-Age Artifacts from the Gault Site (41BL323), Central Texas, USA}},
   journal = {Digital Applications in Archaeology and Cultural History},
   volume = {(in review)},
   year = {2017},
   type = {Journal Article}
}

@article{RN5515,
   author = {Selden Jr, R. Z. and Crawford, G. T.},
   title = {{3D Scan Data for Selected Artifacts from Blackwater Draw National Historic Landmark (LA3324), New Mexico, USA}},
   journal = {Digital Applications in Archaeology and Cultural History},
   volume = {(in review)},
   year = {2017},
   type = {Journal Article}
}

@article{RN11474,
   author = {Fourie, Z. and Damstra, J. and Gerrits, P. O. and Ren, Y.},
   title = {Evaluation of Anthropometric Accuracy and Reliability using Different Three-Dimensional Scanning Systems},
   journal = {Forensic Science International},
   volume = {207},
   number = {1-3},
   pages = {127-34},
   ISSN = {1872-6283 (Electronic)
0379-0738 (Linking)},
   DOI = {10.1016/j.forsciint.2010.09.018},
   url = {https://www.ncbi.nlm.nih.gov/pubmed/20951517},
   year = {2011},
   type = {Journal Article}
}

@article{RN11475,
   author = {Stephen, Alexander J. and Wegscheider, Peter K. and Nelson, Andrew J. and Dickey, James P.},
   title = {{Quantifying the Precision and Accuracy of the MicroScribe G2X Three-Dimensional Digitizer}},
   journal = {Digital Applications in Archaeology and Cultural Heritage},
   volume = {2},
   number = {1},
   pages = {28-33},
   ISSN = {22120548},
   DOI = {10.1016/j.daach.2015.03.002},
   year = {2015},
   type = {Journal Article}
}

@article{RN11476,
   author = {Stull, K. E. and Tise, M. L. and Ali, Z. and Fowler, D. R.},
   title = {{Accuracy and Reliability of Measurements Obtained from Computed Tomography 3D Volume Rendered Images}},
   journal = {Forensic Science International},
   volume = {238},
   pages = {133-40},
   ISSN = {1872-6283 (Electronic)
0379-0738 (Linking)},
   DOI = {10.1016/j.forsciint.2014.03.005},
   url = {https://www.ncbi.nlm.nih.gov/pubmed/24713466},
   year = {2014},
   type = {Journal Article}
}

@article{RN11477,
   author = {Galland, M. and Van Gerven, D. P. and Von Cramon-Taubadel, N. and Pinhasi, R.},
   title = {{11,000 Years of Craniofacial and Mandibular Variation in Lower Nubia}},
   journal = {Scientific Reports},
   volume = {6},
   pages = {31040},
   ISSN = {2045-2322 (Electronic)
2045-2322 (Linking)},
   DOI = {10.1038/srep31040},
   url = {https://www.ncbi.nlm.nih.gov/pubmed/27503560},
   year = {2016},
   type = {Journal Article}
}

@article{RN455,
   author = {Selden Jr., Robert Z.},
   title = {{Using Photogrammetry to Document, Analyze, and Reverse-engineer Grave Markers}},
   journal = {Technical Briefs in Historical Archaeology},
   volume = {9},
   pages = {49-56},
   year = {2015},
   type = {Journal Article}
}

@book{RN11478,
   author = {Weber, Gerhard W. and Bookstein, Fred L.},
   title = {Virtual Anthropology: A Guide to a New Interdisciplinary Field},
   publisher = {Springer-Verlag Wien},
   address = {Vienna},
   ISBN = {978-3-211-48647-4},
   year = {2011},
   type = {Book}
}

@article{RN5879,
   author = {Algee-Hewitt, B. F. and Wheat, A. D.},
   title = {{The Reality of Virtual Anthropology: Comparing Digitizer and Laser Scan Data Collection Methods for the Quantitative Assessment of the Cranium}},
   journal = {American Journal of Physical Anthropology},
   volume = {160},
   number = {1},
   pages = {148-55},
   ISSN = {1096-8644 (Electronic)
0002-9483 (Linking)},
   DOI = {10.1002/ajpa.22932},
   url = {https://www.ncbi.nlm.nih.gov/pubmed/26714825},
   year = {2016},
   type = {Journal Article}
}

@article{RN5880,
   author = {Bookstein, F. L. and Slice, D. E. and Gunz, P. and Mitteroecker, P.},
   title = {{Anthropology Takes Control of Morphometrics}},
   journal = {Collegium Antropologicum},
   volume = {28},
   number = {Suppl 2},
   pages = {121-132},
   year = {2004},
   type = {Journal Article}
}

@article{RN5881,
   author = {Bruno, Fabio and Bruno, Stefano and De Sensi, Giovanna and Luchi, Maria-Laura and Mancuso, Stefania and Muzzupappa, Maurizio},
   title = {{From 3D Reconstruction to Virtual Reality: A Complete Methodology for Digital Archaeological Exhibition}},
   journal = {Journal of Cultural Heritage},
   volume = {11},
   number = {1},
   pages = {42-49},
   ISSN = {12962074},
   DOI = {10.1016/j.culher.2009.02.006},
   year = {2010},
   type = {Journal Article}
}

@article{RN5882,
   author = {Butaric, L. N.},
   title = {{Differential Scaling Patterns in Maxillary Sinus Volume and Nasal Cavity Breadth among Modern Humans}},
   journal = {The Anatomical Record (Hoboken)},
   volume = {298},
   number = {10},
   pages = {1710-21},
   ISSN = {1932-8494 (Electronic)
1932-8486 (Linking)},
   DOI = {10.1002/ar.23182},
   url = {https://www.ncbi.nlm.nih.gov/pubmed/26058686},
   year = {2015},
   type = {Journal Article}
}

@article{RN5883,
   author = {Coleman, M. N. and Colbert, M. W.},
   title = {{Technical Note: CT Thresholding Protocols for Taking Measurements on Three-Dimensional Models}},
   journal = {American Journal of Physical Anthropology},
   volume = {133},
   number = {1},
   pages = {723-5},
   ISSN = {0002-9483 (Print)
0002-9483 (Linking)},
   DOI = {10.1002/ajpa.20583},
   url = {https://www.ncbi.nlm.nih.gov/pubmed/17326102},
   year = {2007},
   type = {Journal Article}
}

@article{RN5884,
   author = {Copes, L. E. and Kimbel, W. H.},
   title = {{Cranial Vault Thickness in Primates: Homo erectus does not have Uniquely Thick Vault Bones}},
   journal = {Journal of Human Evolution},
   volume = {90},
   pages = {120-34},
   ISSN = {1095-8606 (Electronic)
0047-2484 (Linking)},
   DOI = {10.1016/j.jhevol.2015.08.008},
   url = {https://www.ncbi.nlm.nih.gov/pubmed/26767964},
   year = {2016},
   type = {Journal Article}
}

@article{RN5885,
   author = {Chirchir, H. and Ruff, C. B. and Junno, J. A. and Potts, R.},
   title = {{Low Trabecular Bone Density in Recent Sedentary Modern Humans}},
   journal = {American Journal of Physical Anthropology},
   volume = {162},
   number = {3},
   pages = {550-560},
   ISSN = {1096-8644 (Electronic)
0002-9483 (Linking)},
   DOI = {10.1002/ajpa.23138},
   url = {https://www.ncbi.nlm.nih.gov/pubmed/28101969},
   year = {2017},
   type = {Journal Article}
}

@article{RN5886,
   author = {Evgenikou, V. and Georgopoulos, A.},
   title = {{Investigating 3D Reconstruction Methods for Small Artifacts}},
   journal = {The International Archives of the Photogrammetry, Remote Sensing and Spatial Information Sciences},
   volume = {XL-5/W4},
   pages = {101-108},
   DOI = {10.5194/isprsarchives-XL-5-W4-101-2015 },
   year = {2015},
   type = {Journal Article}
}

@article{RN5887,
   author = {Friess, M.},
   title = {{Scratching the Surface? The Use of Surface Scanning in Physical and Paleoanthropology}},
   journal = {Journal of Anthropological Sciences},
   volume = {90},
   pages = {7-31},
   ISSN = {2037-0644 (Electronic)
1827-4765 (Linking)},
   DOI = {10.4436/jass.90004},
   url = {https://www.ncbi.nlm.nih.gov/pubmed/22781581},
   year = {2012},
   type = {Journal Article}
}

@incollection{Heid1,
title = {{Virtual Reconstruction of Cranial Remains: The H. Heidelbergensis, Kabwe 1 Fossil}},
author = "Godinho, {Ricardo Miguel} and Paul O'Higgins",
year = "2017",
month = "3",
isbn = "9780128046029",
editor = "Tim Thompson and { Errickson}, David",
booktitle = "Human Remains",
publisher = "Academic Press",
edition = "1st Edition",
}

@article{RN5888,
   author = {Gunz, P. and Mitteroecker, P.},
   title = {{Semilandmarks: A Method for Quantifying Curves and Surfaces}},
   journal = {Hystrix: The Italian Journal of Mammalogy},
   volume = {24},
   number = {1},
   pages = {103-109},
   ISSN = {1825-5272},
   DOI = {10.4404/hystrix-24.1-6292},
   year = {2013},
   type = {Journal Article}
}

@article{RN5889,
   author = {Gunz, P. and Mitteroecker, P. and Neubauer, S. and Weber, G. W. and Bookstein, F. L.},
   title = {{Principles for the Virtual Reconstruction of Hominin Crania}},
   journal = {Journal of Human Evolution},
   volume = {57},
   number = {1},
   pages = {48-62},
   ISSN = {1095-8606 (Electronic)
0047-2484 (Linking)},
   DOI = {10.1016/j.jhevol.2009.04.004},
   url = {https://www.ncbi.nlm.nih.gov/pubmed/19482335},
   year = {2009},
   type = {Journal Article}
}

@article{RN5890,
   author = {Isler, Volkan and Wilson, Bradford and Bajcsy, Ruzena},
   title = {{Building a 3D Virtual Museum of Native American Baskets}},
   journal = {Third International Symposium on 3D Data Processing, Visualization, and Transmission},
   DOI = {10.1109/3dpvt.2006.38},
   year = {2006},
   type = {Journal Article}
}

@incollection{RN5891,
   author = {Karl, Stephan and Jungblut, Daniel and Mara, Hubert and Wittum, Gabriel and Krömker, Susanne},
   title = {{Insights into Manufacturing Techniques of Archaeological Pottery: Industrial X-ray Computed Tomography as a Tool in the Examination of Cultural Material}},
   booktitle = {Craft and Science: International Perspectives on Archaeological Ceramics},
   editor = {Martinón-Torres, M.},
   publisher = {Bloomsbury Qatar Foundation},
   address = {Doha, Qatar},
   pages = {253-261},
   DOI = {10.11588/heidok.00017934},
   year = {2014},
   type = {Book Section}
}

@book{RN5928,
   author = {Zelditch, Miriam Leah and Swiderski, Donald L. and Sheets, H. David},
   title = {Geometric Morphometrics for Biologists: A Primer},
   publisher = {Academic Press},
   address = {Waltham, MA},
   edition = {Second},
   ISBN = {978-0-12-386903-6},
   year = {2012},
   type = {Book}
}

@article{RN1746,
   author = {Adams, D. C. and Rohlf, F. J. and Slice, D. E.},
   title = {{A Field Comes of Age: Geometric Morphometrics in the 21st Century}},
   journal = {Hystrix: The Italian Journal of Mammalogy},
   volume = {24},
   number = {1},
   pages = {7-14},
   DOI = {10.4404/hystrix-24.1-6283},
   year = {2013},
   type = {Journal Article}
}

@article{RN5587,
   author = {Kuzminsky, Susan C. and Gardiner, Megan S.},
   title = {{Three-Dimensional Laser Scanning: Potential uses for Museum Conservation and Scientific Research}},
   journal = {Journal of Archaeological Science},
   volume = {39},
   number = {8},
   pages = {2744-2751},
   ISSN = {03054403},
   DOI = {10.1016/j.jas.2012.04.020},
   year = {2012},
   type = {Journal Article}
}

@inproceedings{RN5585,
   author = {Weyrich, T. and Pauly, M. and Keiser, R. and Heinzle, S. and Scandella, S. and Gross, M.},
   title = {{Post-Processing of Scanned 3D Surface Data}},
   booktitle = {Eurographics Symposium on Point-Based Graphics},
   editor = {Alexa, M. and Rusinkiewicz, S.},
   publisher = {The Eurographics Association},
   url = {http://reality.cs.ucl.ac.uk/projects/cleaning/weyrich04post-processing.pdf},
   year = {2004},
   type = {Conference Proceedings}
}

@article{RN4450,
   author = {Adams, D. C. and Rohlf, F. J. and Slice, D. E.},
   title = {{Geometric Morphometrics: Ten years of Progress following the 'Revolution'}},
   journal = {Italian Journal of Zoology},
   volume = {71},
   number = {1},
   pages = {5-16},
   DOI = {10.1080/11250000409356545},
   year = {2004},
   type = {Journal Article}
}

@article{RN5892,
   author = {Katz, D. and Friess, M.},
   title = {{Technical Note: 3D from Standard Digital Photography of Human Crania-A Preliminary Assessment}},
   journal = {American Journal of Physical Anthropology},
   volume = {154},
   number = {1},
   pages = {152-8},
   ISSN = {1096-8644 (Electronic)
0002-9483 (Linking)},
   DOI = {10.1002/ajpa.22468},
   url = {https://www.ncbi.nlm.nih.gov/pubmed/24711122},
   year = {2014},
   type = {Journal Article}
}

@article{RN5893,
   author = {Koppe, T. and Schumacher, K-U.},
   title = {{Untersuchungel zum Pneumatisationsgrad de Viscerocranium beim Menschen und bei den Pongiden}},
   journal = {Acta anatomica Nipponica},
   volume = {67},
   pages = {725-734},
   year = {1992},
   type = {Journal Article}
}

@incollection{RN5894,
   author = {Koppe, T. and Nagai, H.},
   title = {{On the Morphology of the Maxillary Sinus Floor in Old World Monkeys--A Study Based on Three-Dimensional Reconstructions of CT scans}},
   booktitle = {Proceedings of the 10th International Symposium on Dental Morphology},
   editor = {Radlanski, R. J. and Renz, H.},
   publisher = {C. \& M. Brünne},
   address = {Berlin},
   pages = {423-427},
   year = {1995},
   type = {Book Section}
}

@article{RN5895,
   author = {Márquez, S. and Laitman, J. T.},
   title = {{Climatic Effects on the Nasal Complex: A CT Imaging, Comparative Anatomical, and Morphometric Investigation of Macaca mulatta and Macaca fascicularis}},
   journal = {The Anatomical Record (Hoboken)},
   volume = {291},
   number = {11},
   pages = {1420-45},
   ISSN = {1932-8494 (Electronic)
1932-8486 (Linking)},
   DOI = {10.1002/ar.20785},
   url = {https://www.ncbi.nlm.nih.gov/pubmed/18951486},
   year = {2008},
   type = {Journal Article}
}

@article{RN5896,
   author = {Montgomery, William M. and Vig, Peter S. and Staab, Edward V. and Matteson, Stephen R.},
   title = {{Computed Tomography: A Three-Dimensional Study of the Nasal Airway}},
   journal = {American Journal of Orthodontics},
   volume = {76},
   number = {4},
   pages = {363-375},
   ISSN = {00029416},
   DOI = {10.1016/0002-9416(79)90223-9},
   year = {1979},
   type = {Journal Article}
}

@article{RN5897,
   author = {Sholts, S. B. and Flores, L. and Walker, P. L. and Wärmländer, S. K. T. S.},
   title = {{Comparison of Coordinate Measurement Precision of different Landmark Types on Human Crania using a 3D Laser Scanner and a 3D Digitiser: Implications for Applications of Digital Morphometrics}},
   journal = {International Journal of Osteoarchaeology},
   volume = {21},
   number = {5},
   pages = {535-543},
   ISSN = {1047482X},
   DOI = {10.1002/oa.1156},
   year = {2011},
   type = {Journal Article}
}

@article{RN5898,
   author = {Stalling, Detlev and Westerhoff, Malte and Hege, Hans-Christian},
   title = {{Amira: A Highly Interactive System for Visual Data Analysis}},
   pages = {749-767},
   DOI = {10.1016/b978-012387582-2/50040-x},
   year = {2005},
   type = {Journal Article}
}

@article{RN5899,
   author = {Stull, K. E. and Tise, M. L. and Ali, Z. and Fowler, D. R.},
   title = {{Accuracy and reliability of measurements obtained from computed tomography 3D volume rendered images}},
   journal = {Forensic Science International},
   volume = {238},
   pages = {133-40},
   ISSN = {1872-6283 (Electronic)
0379-0738 (Linking)},
   DOI = {10.1016/j.forsciint.2014.03.005},
   url = {https://www.ncbi.nlm.nih.gov/pubmed/24713466},
   year = {2014},
   type = {Journal Article}
}

@incollection{RN11507,
   author = {Niven, Kieron and Richards, Julian D.},
   title = {{The Storage and Long-Term Preservation of 3D Data}},
   booktitle = {Human Remains: Another Dimension: The Application of Imaging to the Study of Human Remains},
   editor = {Errickson, David and Thompson, Tim},
   publisher = {Academic Press},
   address = {San Diego},
   pages = {175-184},
   year = {2017},
   type = {Book Section}
}


@incollection{RN5900,
   author = {Tocheri, Matthew W.},
   title = {{Laser Scanning: 3D Analysis of Biological Surfaces}},
   booktitle = {Advanced Imaging in Biology and Medicine},
   editor = {Sensen, Christoph W. and Hallgrímsson, Benedikt},
   publisher = {Springer Berlin Heidelberg},
   address = {Heidelberg},
   pages = {85-101},
   ISBN = {978-3-540-68993-5},
   DOI = {10.1007/978-3-540-68993-5_4},
   year = {2009},
   type = {Book Section}
}

@article{RN5901,
   author = {Tzou, C. H. and Artner, N. M. and Pona, I. and Hold, A. and Placheta, E. and Kropatsch, W. G. and Frey, M.},
   title = {{Comparison of Three-Dimensional Surface-Imaging Systems}},
   journal = {Journal of Plastic, Reconstructive \& Aesthetic Surgery},
   volume = {67},
   number = {4},
   pages = {489-97},
   ISSN = {1878-0539 (Electronic)
1748-6815 (Linking)},
   DOI = {10.1016/j.bjps.2014.01.003},
   url = {https://www.ncbi.nlm.nih.gov/pubmed/24529695},
   year = {2014},
   type = {Journal Article}
}

@article{RN5902,
   author = {Weber, G. W.},
   title = {{Virtual Anthropology}},
   journal = {American Journal of Physical Anthropology},
   volume = {156 Suppl 59},
   pages = {22-42},
   ISSN = {1096-8644 (Electronic)
0002-9483 (Linking)},
   DOI = {10.1002/ajpa.22658},
   url = {https://www.ncbi.nlm.nih.gov/pubmed/25418603},
   year = {2015},
   type = {Journal Article}
}

@article{RN5903,
   author = {White, Suzanna},
   title = {{Virtual Archaeology - The NextEngine Desktop Laser Scanner}},
   journal = {Archaeology International},
   volume = {18},
   number = {0},
   pages = {41},
   ISSN = {2048-4194
1463-1725},
   DOI = {10.5334/ai.1804},
   year = {2015},
   type = {Journal Article}
}

@article{RN8984,
   author = {Stock, M. K. and Garvin, H. M. and Corron, L. K. and Hulse, C. N. and Cirillo, L. E. and Klales, A. R. and Colman, K. L. and Stull, K. E.},
   title = {The importance of processing procedures and threshold values in CT scan segmentation of skeletal elements: An example using the immature os coxa},
   journal = {Forensic Sci Int},
   volume = {309},
   pages = {110232},
   ISSN = {1872-6283 (Electronic)
0379-0738 (Linking)},
   DOI = {10.1016/j.forsciint.2020.110232},
   url = {https://www.ncbi.nlm.nih.gov/pubmed/32151881},
   year = {2020},
   type = {Journal Article}
}

@article{zonn1989,
  title={{The Use of the CT in the Study of the Internal Morphology of Hominid Fossils}},
  author={Zonneveld, FW and Spoor, CF and Wind, J},
  journal={Medicamundi},
  volume={34},
  number={3},
  pages={117--128},
  year={1989}
}

@book{RN5904,
   author = {Zollikofer, Christoph, P. and Ponce de Leon, Marcia},
   title = {Virtual Reconstruction: A Primer in Computer-Assisted Paleontology and Biomedicine},
   publisher = {Wiley},
   ISBN = {978-0-471-20507-4},
   year = {2005},
   type = {Book}
}

@article{RN11482,
   author = {Prossinger, H. and Seidler, H. and Wicke, L. and Weaver, D. and Recheis, W. and Stringer, C. and Muller, G. B.},
   title = {{Electronic Removal of Encrustations inside the Steinheim Cranium Reveals Paranasal Sinus Features and Deformations, and Provides a Revised Endocranial Volume Estimate}},
   journal = {Anatomical Record. Part B, New Anatomist},
   volume = {273},
   number = {1},
   pages = {132-42},
   ISSN = {1552-4906 (Print)
1552-4906 (Linking)},
   DOI = {10.1002/ar.b.10022},
   url = {https://www.ncbi.nlm.nih.gov/pubmed/12833273},
   year = {2003},
   type = {Journal Article}
}

@article{RN11483,
   author = {Schwartz, G. T. and Thackeray, J. F. and Reid, C. and van Reenan, J. F.},
   title = {{Enamel Thickness and the Topography of the Enamel-Dentine Junction in South African Plio-Pleistocene Hominids with Special Reference to the Carabelli Trait}},
   journal = {Journal of Human Evolution},
   volume = {35},
   number = {4-5},
   pages = {523-42},
   ISSN = {0047-2484 (Print)
0047-2484 (Linking)},
   DOI = {10.1006/jhev.1998.0239},
   url = {https://www.ncbi.nlm.nih.gov/pubmed/9774509},
   year = {1998},
   type = {Journal Article}
}

@incollection{RN11484,
   author = {Spoor, F. and Jeffery, N. and Zonneveld, F.},
   title = {{Imaging Skeletal Growth and Evolution}},
   booktitle = {Development, Growth and Evolution: Implications for the Study of the Hominid},
   editor = {O'Higgins, P. and Cohn, M.},
   publisher = {Academic Press},
   address = {London},
   pages = {123-161},
   year = {2000},
   type = {Book Section}
}

@article{RN11485,
   author = {Spoor, C. F. and Zonneveld, F. W. and Macho, G. A.},
   title = {{Linear Measurements of Cortical Bone and Dental Enamel by Computed Tomography: Applications and Problems}},
   journal = {American Journal of Physical Anthropology},
   volume = {91},
   number = {4},
   pages = {469-84},
   ISSN = {0002-9483 (Print)
0002-9483 (Linking)},
   DOI = {10.1002/ajpa.1330910405},
   url = {https://www.ncbi.nlm.nih.gov/pubmed/8372936},
   year = {1993},
   type = {Journal Article}
}

@article{RN11486,
   author = {Ullrich, C. G. and Binet, E. F. and Sanecki, M. G. and Kieffer, S. A.},
   title = {{Quantitative Assessment of the Lumbar Spinal Canal by Computed Tomography}},
   journal = {Radiology},
   volume = {134},
   number = {1},
   pages = {137-43},
   ISSN = {0033-8419 (Print)
0033-8419 (Linking)},
   DOI = {10.1148/radiology.134.1.7350593},
   url = {https://www.ncbi.nlm.nih.gov/pubmed/7350593},
   year = {1980},
   type = {Journal Article}
}

@article{RN11487,
   author = {Menéndez, L. P.},
   title = {{Comparing Methods to Assess Intraobserver Measurement Error of 3D Craniofacial Landmarks Using Geometric Morphometrics Through a Digitizer Arm}},
   journal = {Journal of Forensic Sciences},
   volume = {62},
   number = {3},
   pages = {741-746},
   ISSN = {1556-4029 (Electronic)
0022-1198 (Linking)},
   DOI = {10.1111/1556-4029.13301},
   url = {https://www.ncbi.nlm.nih.gov/pubmed/27874192},
   year = {2017},
   type = {Journal Article}
}

@article{RN11488,
   author = {Hassett, B. R. and Lewis-Bale, T.},
   title = {{Comparison of 3D Landmark and 3D Dense Cloud Approaches to Hominin Mandible Morphometrics Using Structure-From-Motion}},
   journal = {Archaeometry},
   volume = {59},
   number = {1},
   pages = {191-203},
   ISSN = {0003813X},
   DOI = {10.1111/arcm.12229},
   year = {2017},
   type = {Journal Article}
}

@article{RN11489,
   author = {Franklin, Daniel and Swift, Lauren and Flavel, Ambika},
   title = {{`Virtual anthropology' and radiographic imaging in the Forensic Medical Sciences}},
   journal = {Egyptian Journal of Forensic Sciences},
   volume = {6},
   number = {2},
   pages = {31-43},
   ISSN = {2090536X},
   DOI = {10.1016/j.ejfs.2016.05.011},
   year = {2016},
   type = {Journal Article}
}

@incollection{RN11490,
   author = {Rae, Todd C. and Koppe, Thomas},
   title = {{3D Imaging and Measurement in Studies of Cranial Pneumatization}},
   booktitle = {Three-Dimensional Imaging in Paleoanthropology and Prehistoric Archaeology},
   editor = {Marfart, Bertrand and Delingette, Hervé },
   publisher = {Actes du XIVème Congrès UISPP},
   address = {Université de Liège, Belgique},
   pages = {11-16},
   year = {2002},
   type = {Book Section}
}

@article{RN5905,
   author = {Lesciotto, K. M. and Cabo, L. L. and Garvin, H. M.},
   title = {A morphometric analysis of prognathism and evaluation of the gnathic index in modern humans},
   journal = {Homo},
   volume = {67},
   number = {4},
   pages = {294-312},
   DOI = {10.1016/j.jchb.2016.04.006},
   url = {https://www.ncbi.nlm.nih.gov/pubmed/27132876},
   year = {2016},
   type = {Journal Article}
}

@article{RN5906,
   author = {Burr, David B. and van Gerven, Dennis P. and Gustav, Bonnie L.},
   title = {{Sexual Dimorphism and Mechanics of the Human Hip: A Multivariate Assessment}},
   journal = {American Journal of Physical Anthropology},
   volume = {47},
   pages = {273-278},
   year = {1977},
   type = {Journal Article}
}

@article{RN5907,
   author = {Carlson, David S.},
   title = {{Temporal Variation in Prehistoric Nubian Crania}},
   journal = {American Journal of Physical Anthropology},
   volume = {45},
   pages = {467-484},
   year = {1976},
   type = {Journal Article}
}

@article{RN5908,
   author = {Deleon, V. B.},
   title = {{Fluctuating asymmetry and stress in a medieval Nubian population}},
   journal = {Am J Phys Anthropol},
   volume = {132},
   number = {4},
   pages = {520-34},
   ISSN = {0002-9483 (Print)
0002-9483 (Linking)},
   DOI = {10.1002/ajpa.20549},
   url = {https://www.ncbi.nlm.nih.gov/pubmed/17243154},
   year = {2007},
   type = {Journal Article}
}

@article{RN5910,
   author = {Garvin, H. M. and Sholts, S. B. and Mosca, L. A.},
   title = {Sexual dimorphism in human cranial trait scores: effects of population, age, and body size},
   journal = {Am J Phys Anthropol},
   volume = {154},
   number = {2},
   pages = {259-69},
   ISSN = {1096-8644 (Electronic)
0002-9483 (Linking)},
   DOI = {10.1002/ajpa.22502},
   url = {https://www.ncbi.nlm.nih.gov/pubmed/24595622},
   year = {2014},
   type = {Journal Article}
}

@article{RN5911,
   author = {Van Gerven, D. P.},
   title = {{The contribution of time and local geography to craniofacial variation in Nubia's Batn el Hajar}},
   journal = {Am J Phys Anthropol},
   volume = {59},
   number = {3},
   pages = {307-16},
   ISSN = {0002-9483 (Print)
0002-9483 (Linking)},
   DOI = {10.1002/ajpa.1330590312},
   url = {https://www.ncbi.nlm.nih.gov/pubmed/6760729},
   year = {1982},
   type = {Journal Article}
}

@article{RN5912,
   author = {Hummert, J. R. and Van Gerven, D. P.},
   title = {{Skeletal growth in a medieval population from Sudanese Nubia}},
   journal = {Am J Phys Anthropol},
   volume = {60},
   number = {4},
   pages = {471-8},
   ISSN = {0002-9483 (Print)
0002-9483 (Linking)},
   DOI = {10.1002/ajpa.1330600409},
   url = {https://www.ncbi.nlm.nih.gov/pubmed/6846518},
   year = {1983},
   type = {Journal Article}
}

@article{RN8985,
   author = {Balzeau, Antoine and Crevecoeur, Isabelle and Rougier, Hélène and Froment, Alain and Gilissen, Emmanuel and Grimaud-Hervé, Dominique and Mennecier, Philippe and Semal, Patrick},
   title = {Applications of imaging methodologies to paleoanthropology: Beneficial results relating to the preservation, management and development of collections},
   journal = {Comptes Rendus Palevol},
   volume = {9},
   number = {6-7},
   pages = {265-275},
   ISSN = {16310683},
   DOI = {10.1016/j.crpv.2010.07.006},
   year = {2010},
   type = {Journal Article}
}

@article{RN5913,
   author = {Martin, D. L. and Armelagos, G. J.},
   title = {{Morphometrics of compact bone: an example from Sudanese Nubia}},
   journal = {Am J Phys Anthropol},
   volume = {51},
   number = {4},
   pages = {571-7},
   ISSN = {0002-9483 (Print)
0002-9483 (Linking)},
   DOI = {10.1002/ajpa.1330510409},
   url = {https://www.ncbi.nlm.nih.gov/pubmed/391057},
   year = {1979},
   type = {Journal Article}
}

@article{RN5914,
   author = {Carlson, D. S. and Van Gerven, D. P.},
   title = {{Masticatory function and post-Pleistocene evolution in Nubia}},
   journal = {Am J Phys Anthropol},
   volume = {46},
   number = {3},
   pages = {495-506},
   ISSN = {0002-9483 (Print)
0002-9483 (Linking)},
   DOI = {10.1002/ajpa.1330460316},
   url = {https://www.ncbi.nlm.nih.gov/pubmed/871152},
   year = {1977},
   type = {Journal Article}
}

@article{RN5915,
   author = {Williams, FrankL’engle and Belcher, RobertL and Armelagos, GeorgeJ},
   title = {{Forensic Misclassification of Ancient Nubian Crania: Implications for Assumptions about Human Variation}},
   journal = {Current Anthropology},
   volume = {46},
   number = {2},
   pages = {340-346},
   ISSN = {0011-3204
1537-5382},
   DOI = {10.1086/428792},
   year = {2005},
   type = {Journal Article}
}

@article{RN5916,
   author = {Sibley, L. M. and Armelagos, G. J. and Van Gerven, D. P.},
   title = {{Obstetric dimensions of the true pelvis in a medieval population from Sudanese Nubia}},
   journal = {Am J Phys Anthropol},
   volume = {89},
   number = {4},
   pages = {421-30},
   ISSN = {0002-9483 (Print)
0002-9483 (Linking)},
   DOI = {10.1002/ajpa.1330890403},
   url = {https://www.ncbi.nlm.nih.gov/pubmed/1463086},
   year = {1992},
   type = {Journal Article}
}

@article{RN5917,
   author = {van Gerven, Dennis P. and Armelagos, George J. and Rohr, Arthur},
   title = {{Continuity and Change in Cranial Morphology of Three Nubian Archaeological Populations}},
   journal = {Man},
   volume = {12},
   number = {2},
   pages = {270-277},
   year = {1977},
   type = {Journal Article}
}

@article{RN7927,
   author = {Selden Jr., Robert Z.},
   title = {{Ceramic Morphological Organisation in the Southern Caddo Area: Quiddity of Shape for Hickory Engraved Bottles}},
   journal = {Journal of Archaeological Science: Reports},
   volume = {21},
   pages = {884-896},
   ISSN = {2352409X},
   DOI = {10.1016/j.jasrep.2018.08.045},
   year = {2018},
   type = {Journal Article}
}

@article{RN8158,
   author = {Selden Jr., Robert Z. and Dockall, John E. and Shafer, Harry J.},
   title = {{Lithic Morphological Organisation: Gahagan Bifaces from the Southern Caddo Area}},
   journal = {Digital Applications in Archaeology and Cultural Heritage},
   volume = {10},
   pages = {e00080},
   ISSN = {22120548},
   DOI = {10.1016/j.daach.2018.e00080},
   year = {2018},
   type = {Journal Article}
}

@article{RN8074,
   author = {Selden Jr., Robert Z.},
   title = {{A Preliminary Study of Smithport Plain Bottle Morphology in the Southern Caddo Area}},
   journal = {Bulletin of the Texas Archeological Society},
   volume = {89},
   pages = {63-89},
   year = {2018},
   type = {Journal Article}
}

@article{RN5693,
   author = {Selden Jr., Robert Z.},
   title = {{Asymmetry of Caddo Ceramics from the Washington Square Mound Site: An Exploratory Analysis}},
   journal = {Digital Applications in Archaeology and Cultural Heritage},
   volume = {5},
   pages = {21-28},
   ISSN = {22120548},
   DOI = {10.1016/j.daach.2017.04.003},
   year = {2017},
   type = {Journal Article}
}

@article{RN8370,
   author = {Selden Jr., Robert Z.},
   title = {{Ceramic Morphological Organisation in the Southern Caddo Area: The Clarence H. Webb Collections}},
   journal = {Journal of Cultural Heritage},
   volume = {35},
   pages = {41-55},
   DOI = {10.1016/j.culher.2018.07.002},
   url = {https://www.sciencedirect.com/science/article/abs/pii/S1296207418301912?via%3Dihub},
   year = {2019},
   type = {Journal Article}
}

@incollection{RN8312,
   author = {Selden Jr., Robert Z.},
   title = {{Louisiana Limitrophe: An Iterative Morphological Exegesis of Caddo Bottle and Biface Production}},
   booktitle = {Ancestral Caddo Ceramic Traditions},
   editor = {McKinnon, Duncan P. and Girard, Jeffrey S. and Perttula, Timothy K.},
   publisher = {LSU Press},
   address = {Baton Rouge, in press},
   year = {2021},
   type = {Book Section}
}

@article{RN8322,
   author = {Selden Jr., Robert Z. and Dockall, John E. and Dubied, Morgane},
   title = {{A quantitative assessment of intraspecific morphological variation in Gahagan bifaces from the southern Caddo area and central Texas}},
   journal = {Southeastern Archaeology},
   volume = {39},
   number = {2},
   pages = {125-145},
   ISSN = {0734-578X
2168-4723},
   DOI = {10.1080/0734578x.2020.1744416},
   year = {2020},
   type = {Journal Article}
}

@article{RN5918,
   author = {Van Gerven, D. P. and Hummert, J. R. and Burr, D. B.},
   title = {{Cortical bone maintenance and geometry of the tibia in prehistoric children from Nubia's Batn el Hajar}},
   journal = {Am J Phys Anthropol},
   volume = {66},
   number = {3},
   pages = {275-80},
   ISSN = {0002-9483 (Print)
0002-9483 (Linking)},
   DOI = {10.1002/ajpa.1330660304},
   url = {https://www.ncbi.nlm.nih.gov/pubmed/3985137},
   year = {1985},
   type = {Journal Article}
}

@article{RN5919,
   author = {Squyres, Nicole and Sylvester, Adam and Ruff, Chris},
   title = {Morphological Variation in the Distal Femur of Three Modern Human Populations},
   journal = {The FASEB Journal},
   volume = {29},
   number = {1},
   pages = {Supplement 866.5},
   year = {2015},
   type = {Journal Article}
}

@article{RN8025,
   author = {Selden Jr., Robert Z. and Means, Bernard K. and Iglesias, Edward G. and Mosier, Kreg},
   title = {{Morphological Variation in Three-Dimensional Printed Replicas}},
   journal = {CRHR Research Reporta},
   volume = {4},
   number = {Article 1},
   url = {https://scholarworks.sfasu.edu/crhr_research_reports/vol4/iss1/3/},
   year = {2018},
   type = {Journal Article}
}

@article{RN5922,
   author = {Selden Jr., Robert Z. and Perttula, Timothy K. and O’Brien, Michael J.},
   title = {{Advances in Documentation, Digital Curation, Virtual Exhibition, and a Test of 3D Geometric Morphometrics}},
   journal = {Advances in Archaeological Practice},
   volume = {2},
   number = {02},
   pages = {64-79},
   ISSN = {2326-3768},
   DOI = {10.7183/2326-3768.2.2.64},
   year = {2014},
   type = {Journal Article}
}

@article{RN11492,
   author = {Selden Jr., Robert Z.},
   title = {{UCB-6B36-B11-2-15904-Mandible [Data set]}},
   journal = {Zenodo},
   DOI = {10.5281/zenodo.438668},
   url = {https://doi.org/10.5281/zenodo.438668},
   year = {2017},
   type = {Journal Article}
}

@article{RN11493,
   author = {Selden Jr., Robert Z. },
   title = {{3D Scan Data from the Van Gerven Collection}},
   journal = {Zenodo},
   url = {https://zenodo.org/communities/ucboulder-3dscans/search?page=1&size=20},
   year = {2017},
   type = {Journal Article}
}

@article{RN11495,
   author = {Ginter, C. C. and DeWitt, T. J. and Fish, F. E. and Marshall, C. D.},
   title = {Fused traditional and geometric morphometrics demonstrate pinniped whisker diversity},
   journal = {PLoS One},
   volume = {7},
   number = {4},
   pages = {e34481},
   ISSN = {1932-6203 (Electronic)
1932-6203 (Linking)},
   DOI = {10.1371/journal.pone.0034481},
   url = {https://www.ncbi.nlm.nih.gov/pubmed/22509310},
   year = {2012},
   type = {Journal Article}
}

@article{RN726,
   author = {Selden Jr., Robert Z. and Means, Bernard K. and Lohse, Jon C. and Koenig, Charles and Black, Stephen L.},
   title = {{Beyond Documentation: 3D Data in Archaeology}},
   journal = {Texas Archeology},
   volume = {58},
   number = {4},
   pages = {20-24},
   year = {2014},
   type = {Journal Article}
}

@article{RN5932,
   author = {Davies, T. G. and Rahman, I. A. and Lautenschlager, S. and Cunningham, J. A. and Asher, R. J. and Barrett, P. M. and Bates, K. T. and Bengtson, S. and Benson, R. B. and Boyer, D. M. and Braga, J. and Bright, J. A. and Claessens, L. P. and Cox, P. G. and Dong, X. P. and Evans, A. R. and Falkingham, P. L. and Friedman, M. and Garwood, R. J. and Goswami, A. and Hutchinson, J. R. and Jeffery, N. S. and Johanson, Z. and Lebrun, R. and Martinez-Perez, C. and Marugan-Lobon, J. and O'Higgins, P. M. and Metscher, B. and Orliac, M. and Rowe, T. B. and Rucklin, M. and Sanchez-Villagra, M. R. and Shubin, N. H. and Smith, S. Y. and Starck, J. M. and Stringer, C. and Summers, A. P. and Sutton, M. D. and Walsh, S. A. and Weisbecker, V. and Witmer, L. M. and Wroe, S. and Yin, Z. and Rayfield, E. J. and Donoghue, P. C.},
   title = {{Open Data and Digital Morphology}},
   journal = {Proceedings of the Royal Society B: Biological Sciences},
   volume = {284},
   number = {1852},
   ISSN = {1471-2954 (Electronic)
0962-8452 (Linking)},
   DOI = {10.1098/rspb.2017.0194},
   url = {https://www.ncbi.nlm.nih.gov/pubmed/28404779},
   year = {2017},
   type = {Journal Article}
}

@incollection{RN4382,
   author = {Brande, Scott and Saragusti, Idit},
   title = {{A Morphometric Model and Landmark Analysis of Acheulian Hand Axes from Northern Israel}},
   booktitle = {Advances in Morpohmetrics},
   editor = {Marcus, L. F.},
   publisher = {Plenum Press},
   address = {New York},
   pages = {423-435},
   year = {1996},
   type = {Book Section}
}

@article{RN4377,
   author = {Gero, Joan and Mazzullo, Jim},
   title = {{Analysis of Artifact Shape Using Fourier Series in Closed Form}},
   journal = {Journal of Field Archaeology},
   volume = {11},
   number = {3},
   pages = {315},
   ISSN = {00934690},
   DOI = {10.2307/529282},
   year = {1984},
   type = {Journal Article}
}

@article{RN5931,
   author = {Georgopoulos, A. and Ionnidis, Ch. and Valanis, A.},
   title = {{Assessing the Performance of a Structured Light Scanner}},
   journal = {International Archives of Photogrammetry, Remote Sensing and Spatial Information Sciences},
   volume = {38},
   number = {5},
   pages = {250-255},
   year = {2010},
   type = {Journal Article}
}


@article{RN11496,
   author = {Benazzi, S. and Stansfield, E. and Kullmer, O. and Fiorenza, L. and Gruppioni, G.},
   title = {{Geometric Morphometric Methods for Bone Reconstruction: The Mandibular Condylar Process of Pico della Mirandola}},
   journal = {The Anatomical Record (Hoboken)},
   volume = {292},
   number = {8},
   pages = {1088-97},
   ISSN = {1932-8494 (Electronic)
1932-8486 (Linking)},
   DOI = {10.1002/ar.20933},
   url = {https://www.ncbi.nlm.nih.gov/pubmed/19645014},
   year = {2009},
   type = {Journal Article}
}

@article{RN5923,
   author = {Minetola, P. and Iuliano, L. and Calignano, F.},
   title = {{A Customer Oriented Methodology for Reverse Engineering Software Selection in the Computer Aided Inspection Scenario}},
   journal = {Computers in Industry},
   volume = {67},
   pages = {54-71},
   ISSN = {01663615},
   DOI = {10.1016/j.compind.2014.11.002},
   year = {2015},
   type = {Journal Article}
}

@article{RN5926,
   author = {Koumartzis, N. and Tzetzis, D. and Kyratsis, P. and Kotsakis, R. G.},
   title = {{A New Music Instrument from Ancient Times: Modern Reconstruction of the Greek Lyre of Hermes using 3D Laser Scanning, Advanced Computer Aided Design and Audio Analysis}},
   journal = {Journal of New Music Research},
   volume = {44},
   number = {4},
   pages = {324-346},
   ISSN = {0929-8215
1744-5027},
   DOI = {10.1080/09298215.2015.1106563},
   year = {2015},
   type = {Journal Article}
}

@article{RN5927,
   author = {Chen, H. and Yang, X. and Chen, L. and Wang, Y. and Sun, Y.},
   title = {Application of FDM three-dimensional printing technology in the digital manufacture of custom edentulous mandible trays},
   journal = {Sci Rep},
   volume = {6},
   pages = {19207},
   ISSN = {2045-2322 (Electronic)
2045-2322 (Linking)},
   DOI = {10.1038/srep19207},
   url = {https://www.ncbi.nlm.nih.gov/pubmed/26763620},
   year = {2016},
   type = {Journal Article}
}

@article{RN303,
   author = {Shott, Michael},
   title = {{Digitizing Archaeology: A Subtle Revolution in Analysis}},
   journal = {World Archaeology},
   volume = {46},
   number = {1},
   pages = {1-9},
   ISSN = {0043-8243
1470-1375},
   DOI = {10.1080/00438243.2013.879046},
   year = {2014},
   type = {Journal Article}
}

@article{RN4388,
   author = {Shott, Michael J. and Trail, Brian W.},
   title = {{New Developments in Lithic Analysis: Laser Scanning and Digital Modeling}},
   journal = {The SAA Archaeological Record},
   volume = {12},
   number = {3},
   pages = {12-17},
   year = {2012},
   type = {Journal Article}
}

@article{RN5925,
   author = {Budzik, Grzegorz and Burek, Jan and Bazan, Anna and Turek, Paweł},
   title = {{Analysis of the Accuracy of Reconstructed Two Teeth Models Manufactured Using the 3DP and FDM Technologies}},
   journal = {Strojniški vestnik - Journal of Mechanical Engineering},
   volume = {62},
   number = {1},
   ISSN = {00392480
00392480},
   DOI = {10.5545/sv-jme.2015.2699},
   year = {2016},
   type = {Journal Article}
}

@article{RN5924,
   author = {Mahmoud, Dalia and Khali, Abdallah and Younes, Mohammed},
   title = {{Optimization of the Longitudinal Resolution of a Structured Light Shape Reconstruction System, A DOE Approach}},
   journal = {International Journal of Precision Engineering and Manufacturing},
   volume = {16},
   number = {9},
   pages = {1935-1939},
   ISSN = {2234-7593
2005-4602},
   DOI = {10.1007/s12541-015-0251-6},
   year = {2015},
   type = {Journal Article}
}

@article{RN11497,
   author = {Couette, Sébastien and White, Jess},
   title = {{3D Geometric Morphometrics and Missing-Data. Can Extant Taxa give Clues for the Analysis of Fossil Primates?}},
   journal = {Comptes Rendus Palevol},
   volume = {9},
   number = {6-7},
   pages = {423-433},
   ISSN = {16310683},
   DOI = {10.1016/j.crpv.2010.07.002},
   year = {2010},
   type = {Journal Article}
}

@article{RN11498,
   author = {Neubauer, S. and Gunz, P. and Weber, G. W. and Hublin, J. J.},
   title = {{Endocranial Volume of Australopithecus africanus: New CT-based Estimates and the Effects of Missing Data and Small Sample Size}},
   journal = {Journal of Human Evolution},
   volume = {62},
   number = {4},
   pages = {498-510},
   ISSN = {1095-8606 (Electronic)
0047-2484 (Linking)},
   DOI = {10.1016/j.jhevol.2012.01.005},
   url = {https://www.ncbi.nlm.nih.gov/pubmed/22365336},
   year = {2012},
   type = {Journal Article}
}

@article{RN11499,
   author = {Senck, S. and Coquerelle, M. and Weber, G. W. and Benazzi, S.},
   title = {{Virtual Reconstruction of Very Large Skull Defects featuring Partly and Completely missing Midsagittal Planes}},
   journal = {The Anatomical Record (Hoboken)},
   volume = {296},
   number = {5},
   pages = {745-58},
   ISSN = {1932-8494 (Electronic)
1932-8486 (Linking)},
   DOI = {10.1002/ar.22693},
   url = {https://www.ncbi.nlm.nih.gov/pubmed/23554242},
   year = {2013},
   type = {Journal Article}
}

@article{RN11500,
   author = {Arbour, Jessica H. and Brown, Caleb M. and Nakagawa, Shinichi},
   title = {{Incomplete Specimens in Geometric Morphometric Analyses}},
   journal = {Methods in Ecology and Evolution},
   volume = {5},
   number = {1},
   pages = {16-26},
   ISSN = {2041210X},
   DOI = {10.1111/2041-210x.12128},
   year = {2014},
   type = {Journal Article}
}

@article{RN11501,
   author = {Senck, S. and Bookstein, F. L. and Benazzi, S. and Kastner, J. and Weber, G. W.},
   title = {{Virtual Reconstruction of Modern and Fossil Hominoid Crania: Consequences of Reference Sample Choice}},
   journal = {The Anatomical Record (Hoboken)},
   volume = {298},
   number = {5},
   pages = {827-41},
   ISSN = {1932-8494 (Electronic)
1932-8486 (Linking)},
   DOI = {10.1002/ar.23104},
   url = {https://www.ncbi.nlm.nih.gov/pubmed/25689596},
   year = {2015},
   type = {Journal Article}
}

@incollection{RN1768,
   author = {Gunz, P. and Mitteroecker, P. and Bookstein, F. L.},
   title = {{Semilandmarks in Three Dimensions}},
   booktitle = {Modern Morphometrics in Physical Anthropology},
   editor = {Slice, D. E.},
   publisher = {Plenum Publishers},
   address = {New York},
   pages = {73-98},
   year = {2005},
   type = {Book Section}
}

@book{RN4772,
   author = {Bookstein, F. L.},
   title = {Morphometric Tools for Landmark Data: Geometry and Biology},
   publisher = {Cambridge University Press},
   address = {Cambridge},
   year = {1991},
   type = {Book}
}

@article{RN5920,
   author = {Bookstein, Fred and Schfer, Katrin and Prossinger, Hermann and Seidler, Horst and Fieder, Martin and Stringer, Chris and Weber, Gerhard W. and Arsuaga, Juan-Luis and Slice, Dennis E. and Rohlf, F. James and Recheis, Wolfgang and Mariam, Ato J. and Marcus, Leslie F.},
   title = {{Comparing Frontal Cranial Profiles in Archaic and Modern Homo by Morphometric Analysis}},
   journal = {The Anatomical Record},
   volume = {257},
   number = {6},
   pages = {217-224},
   ISSN = {0003-276X
1097-0185},
   DOI = {10.1002/(sici)1097-0185(19991215)257:6<217::aid-ar7>3.0.co;2-w},
   year = {1999},
   type = {Journal Article}
}

@article{RN5921,
   author = {Bookstein, F. L.},
   title = {{Landmark Methods for Forms without Landmarks: Localizing Group Differences in Outline Shape}},
   journal = {Medical Image Analysis},
   volume = {1},
   pages = {225-243},
   year = {1997},
   type = {Journal Article}
}

@article{RN11502,
   author = {Boyer, Doug M. and Gunnell, Gregg F. and Kaufman, Seth and McGeary, Timothy M.},
   title = {{Morphosource: Archiving and Sharing 3-D Digital Specimen Data}},
   journal = {The Paleontological Society Papers},
   volume = {22},
   pages = {157-181},
   ISSN = {1089-3326
2399-7575},
   DOI = {10.1017/scs.2017.13},
   year = {2017},
   type = {Journal Article}
}

@article{RN11945,
   author = {Robinson, Christopher and Terhune, Claire E.},
   title = {{Error in Geometric Morphometric Data Collection: Combining Data from Multiple Sources}},
   journal = {American Journal of Physical Anthropology},
   volume = {164},
   number = {1},
   pages = {62-75},
   ISSN = {1096-8644 (Electronic)
0002-9483 (Linking)},
   DOI = {https://doi.org/10.1002/ajpa.23257},
   url = {https://www.ncbi.nlm.nih.gov/pubmed/28573732},
   year = {2017},
   type = {Journal Article}
}


@article{RN11503,
   author = {Lebrun, Renaud and Orliac, Maëva J.},
   title = {{Morphomuseum: An Online Platform for Publication and Storage of Virtual Specimens}},
   journal = {The Paleontological Society Papers},
   volume = {22},
   pages = {183-195},
   ISSN = {1089-3326
2399-7575},
   DOI = {10.1017/scs.2017.14},
   year = {2017},
   type = {Journal Article}
}

@article{RN11504,
   author = {Couette, Sébastien and White, Jess},
   title = {{3D geometric morphometrics and missing-data. Can extant taxa give clues for the analysis of fossil primates?}},
   journal = {Comptes Rendus Palevol},
   volume = {9},
   number = {6-7},
   pages = {423-433},
   ISSN = {16310683},
   DOI = {10.1016/j.crpv.2010.07.002},
   year = {2010},
   type = {Journal Article}
}

@article{RN4777,
   author = {Bookstein, F. L.},
   title = {{A Hundred Years of Morphometrics}},
   journal = {Acta Zoologica Academiae Scientiarum Hungaricae},
   volume = {44},
   number = {1-2},
   pages = {7-59},
   ISSN = {12178837},
   year = {1998},
   type = {Journal Article}
}

@article{RN1735,
   author = {Slice, Dennis E.},
   title = {{Geometric Morphometrics}},
   journal = {Annual Review of Anthropology},
   volume = {36},
   number = {1},
   pages = {261-281},
   ISSN = {0084-6570
1545-4290},
   DOI = {10.1146/annurev.anthro.34.081804.120613},
   year = {2007},
   type = {Journal Article}
}

@article{RN11492x,
   author = {Selden Jr., Robert Z. and Butaric, Lauren N.},
   title = {{UCB-6B36-B11-2-15904-Mandible [Data set]}},
   journal = {Zenodo},
   DOI = {10.5281/zenodo.817449},
   url = {https://doi.org/10.5281/zenodo.817449},
   year = {2017},
   type = {Journal Article}
}

@article{RN4138,
   author = {Wachowiak, Melvin J. and Karas, Basiliki Vicky},
   title = {{3D Scanning and Replication for Museum and Cultural Heritage Applications}},
   journal = {Journal of the American Institute for Conservation},
   volume = {48},
   number = {2},
   pages = {141-158},
   ISSN = {0197-1360
1945-2330},
   DOI = {10.1179/019713609804516992},
   year = {2013},
   type = {Journal Article}
}

@article{RN5930,
   author = {Douglass, Matthew and Kuhnel, Dennis and Magnani, Matthew and Hittner, Luke and Chodoronek, Michael and Porter, Samantha},
   title = {{Community outreach, digital heritage and private collections: A case study from the North American Great Plains}},
   journal = {World Archaeology},
   pages = {1-16},
   ISSN = {0043-8243
1470-1375},
   DOI = {10.1080/00438243.2017.1309299},
   year = {2017},
   type = {Journal Article}
}

@article{RN5929,
   author = {Allison, Penelope},
   title = {{Dealing with Legacy Data - An Introduction}},
   journal = {Internet Archaeology},
   number = {24},
   ISSN = {13635387},
   DOI = {10.11141/ia.24.8},
   year = {2008},
   type = {Journal Article}
}

@article{RN11492xz,
   author = {Selden Jr., Robert Z. and Butaric, Lauren N.},
   title = {{UCB-6B36-B11-2-15904-Mandible [Data set]}},
   journal = {Zenodo},
   DOI = {10.5281/zenodo.793788},
   url = {https://doi.org/10.5281/zenodo.793788},
   year = {2017},
   type = {Journal Article}
}

10.5281/zenodo.793788

@article{RN11522,
   author = {Shearer, Brian M. and Cooke, Siobhán B. and Halenar, Lauren B. and Reber, Samantha L. and Plummer, Jeannette E. and Delson, Eric and Tallman, Melissa},
   title = {{Evaluating Causes of Error in Landmark-Based Data Collection using Scanners}},
   journal = {PLoS One},
   volume = {12},
   number = {11},
   pages = {e0187452},
   ISSN = {1932-6203 (Electronic)
1932-6203 (Linking)},
   DOI = {https://doi.org/10.1371/journal.pone.0187452},
   url = {https://www.ncbi.nlm.nih.gov/pubmed/29099867},
   year = {2017},
   type = {Journal Article}
}
